@inproceedings{certifiedrobustness,
  title={Certified Robustness to Adversarial Word Substitutions},
  author={Robin Jia and Aditi Raghunathan and Kerem G{\"o}ksel and Percy Liang},
  booktitle={EMNLP/IJCNLP},
  year={2019}
}

@misc{BERT,
    title={BERT: Pre-training of Deep Bidirectional Transformers for Language Understanding},
    author={Jacob Devlin and Ming-Wei Chang and Kenton Lee and Kristina Toutanova},
    year={2018},
    eprint={1810.04805},
    archivePrefix={arXiv},
    primaryClass={cs.CL}
}

@misc{roberta,
    title={RoBERTa: A Robustly Optimized BERT Pretraining Approach},
    author={Yinhan Liu and Myle Ott and Naman Goyal and Jingfei Du and Mandar Joshi and Danqi Chen and Omer Levy and Mike Lewis and Luke Zettlemoyer and Veselin Stoyanov},
    year={2019},
    eprint={1907.11692},
    archivePrefix={arXiv},
    primaryClass={cs.CL}
}

@inproceedings{SEARs,
    title = "Semantically Equivalent Adversarial Rules for Debugging {NLP} models",
    author = "Ribeiro, Marco Tulio  and
      Singh, Sameer  and
      Guestrin, Carlos",
    booktitle = "Proceedings of the 56th Annual Meeting of the Association for Computational Linguistics (Volume 1: Long Papers)",
    month = jul,
    year = "2018",
    address = "Melbourne, Australia",
    publisher = "Association for Computational Linguistics",
    url = "https://www.aclweb.org/anthology/P18-1079",
    doi = "10.18653/v1/P18-1079",
    pages = "856--865",
}

@inproceedings{conceptnet, 
    author = {Speer, Robyn and Chin, Joshua and Havasi, Catherine}, 
    title = {ConceptNet 5.5: An Open Multilingual Graph of General Knowledge}, 
    year = {2017}, 
    publisher = {AAAI Press}, 
    booktitle = {Proceedings of the Thirty-First AAAI Conference on Artificial Intelligence}, 
    pages = {4444–4451}, numpages = {8}, 
    location = {San Francisco, California, USA}, series = {AAAI’17} 
}

@misc{biomedadv,
    title={On Adversarial Examples for Biomedical NLP Tasks},
    author={Vladimir Araujo and Andres Carvallo and Carlos Aspillaga and Denis Parra},
    year={2020},
    eprint={2004.11157},
    archivePrefix={arXiv},
    primaryClass={cs.CL}
}

@inproceedings{alzantotAdver,
    title = "Generating Natural Language Adversarial Examples",
    author = "Alzantot, Moustafa  and
      Sharma, Yash  and
      Elgohary, Ahmed  and
      Ho, Bo-Jhang  and
      Srivastava, Mani  and
      Chang, Kai-Wei",
    booktitle = "Proceedings of the 2018 Conference on Empirical Methods in Natural Language Processing",
    month = oct # "-" # nov,
    year = "2018",
    address = "Brussels, Belgium",
    publisher = "Association for Computational Linguistics",
    url = "https://www.aclweb.org/anthology/D18-1316",
    doi = "10.18653/v1/D18-1316",
    pages = "2890--2896",
}

@misc{entityswitched,
    title={Entity-Switched Datasets: An Approach to Auditing the In-Domain Robustness of Named Entity Recognition Models},
    author={Oshin Agarwal and Yinfei Yang and Byron C. Wallace and Ani Nenkova},
    year={2020},
    eprint={2004.04123},
    archivePrefix={arXiv},
    primaryClass={cs.CL}
}

@inproceedings{blodgett2016,
    title = "Demographic Dialectal Variation in Social Media: A Case Study of {A}frican-{A}merican {E}nglish",
    author = "Blodgett, Su Lin  and
      Green, Lisa  and
      O{'}Connor, Brendan",
    booktitle = "Proceedings of the 2016 Conference on Empirical Methods in Natural Language Processing",
    month = nov,
    year = "2016",
    address = "Austin, Texas",
    publisher = "Association for Computational Linguistics",
    url = "https://www.aclweb.org/anthology/D16-1120",
    doi = "10.18653/v1/D16-1120",
    pages = "1119--1130",
}

@misc{NERevaluationmetrics,
    title={What's the deal with Accuracy, Precision, Recall and F1?},
    url={https://towardsdatascience.com/whats-the-deal-with-accuracy-precision-recall-and-f1-f5d8b4db1021}, 
    journal={Towards Data Science}, 
    publisher={Medium}, 
    author={Riggio, Christopher}, 
    year={2019}, 
    month={Nov}
}

@misc{understandingattention, 
    title={Understanding Attention in Neural Networks Mathematically}, 
    url={https://srome.github.io/Understanding-Attention-in-Neural-Networks-Mathematically/}, 
    journal={Scott Rome: Math Ph.D. who works in Machine Learning}, 
    author={Rome, Scott}, 
    year={2018}, 
    month={Mar},
}

@article{2007Survey,
  author = {Nadeau, David and Sekine, Satoshi},
  biburl = {https://www.bibsonomy.org/bibtex/231a3c28acfe2301ba810b2fccd1ea392/mirian},
  interhash = {2d9a1a5440885a8741a1686f344a9494},
  intrahash = {31a3c28acfe2301ba810b2fccd1ea392},
  journal = {Linguisticae Investigationes},
  keywords = {ie ner nlp survey},
  month = {January},
  note = {Publisher: John Benjamins Publishing Company},
  number = 1,
  pages = {3--26},
  timestamp = {2009-11-06T17:24:59.000+0100},
  title = {A survey of named entity recognition and classification},
  url = {http://www.ingentaconnect.com/content/jbp/li/2007/00000030/00000001/art00002},
  volume = 30,
  year = 2007
}

@misc{allennlpinterpret,
    title={AllenNLP Interpret: A Framework for Explaining Predictions of NLP Models},
    author={Eric Wallace and Jens Tuyls and Junlin Wang and Sanjay Subramanian and Matt Gardner and Sameer Singh},
    year={2019},
    eprint={1909.09251},
    archivePrefix={arXiv},
    primaryClass={cs.CL}
}

@misc{interpretability,
    author={Oshin Agarwal and Yinfei Yang and Byron C. Wallace and Ani Nenkova},
    title={Interpretability Analysis for Named Entity Recognition to Understand System Predictions and How They Can Improve},
    year={2020},
    eprint={2004.04564},
    archivePrefix={arXiv},
    primaryClass={cs.CL}
}

@ARTICLE{ViterbiAlg, 
    author={A. {Viterbi}}, 
    journal={IEEE Transactions on Information Theory}, 
    title={Error bounds for convolutional codes and an asymptotically optimum decoding algorithm}, 
    year={1967}, 
    volume={13}, 
    number={2}, pages={260-269},
}

@article{NeuralNERSurvey,
    title={A Survey on Recent Advances in Named Entity Recognition from Deep Learning models},
    author={Vikas Yadav and Steven Bethard},
    year={2019},
    eprint={1910.11470},
    archivePrefix={arXiv},
    primaryClass={cs.CL}
}

@article{LampleNER,
  author    = {Guillaume Lample and
              Miguel Ballesteros and
              Sandeep Subramanian and
              Kazuya Kawakami and
              Chris Dyer},
  title     = {Neural Architectures for Named Entity Recognition},
  journal   = {CoRR},
  volume    = {abs/1603.01360},
  year      = {2016},
  url       = {http://arxiv.org/abs/1603.01360},
  archivePrefix = {arXiv},
  eprint    = {1603.01360},
  timestamp = {Mon, 13 Aug 2018 16:47:39 +0200},
  biburl    = {https://dblp.org/rec/journals/corr/LampleBSKD16.bib},
  bibsource = {dblp computer science bibliography, https://dblp.org}
}

@misc{guacamole, 
    title={Fooling Neural Networks in the Physical World}, url={https://www.labsix.org/physical-objects-that-fool-neural-nets/}, 
    journal={LabSix}, 
    publisher={MIT}, 
    author={Athalye, Anish and Engstrom, Logan and Ilyas, Andrew and Kwok, Kevin}, 
    year={2017}, 
    month={Oct}
}

@conference{TriggerNER,
  author       = {Dong-Ho Lee and Bill Yuchen Lin and Ming Shen and Xiao Huang and Ryan Moreno and Prashant Shiralkar and Xiang Ren}, 
  title        = {Entity Triggers: Learning with Explanations for Named Entity Recognition},
  booktitle    = {Proceedings of the 57th Annual Meeting of the Association for Computational Linguistics},
  year         = {2020},
  month        = {July},
  publisher    = {Association for Computational Linguistics},
}

@book{Aho:72,
    author  = {Alfred V. Aho and Jeffrey D. Ullman},
    title   = {The Theory of Parsing, Translation and Compiling},
    year    = "1972",
    volume  = "1",
    publisher = {Prentice-Hall},
    address = {Englewood Cliffs, NJ}
}

@article{Li2018GeneralizeSK,
  title={Generalize Symbolic Knowledge With Neural Rule Engine},
  author={Shen Li and Hengru Xu and Zhengdong Lu},
  journal={ArXiv},
  year={2018},
  volume={abs/1808.10326}
}

@article{Chaudhari2019AnAS,
  title={An Attentive Survey of Attention Models},
  author={Sneha Chaudhari and Gungor Polatkan and Rohan Ramanath and Varun Mithal},
  journal={ArXiv},
  year={2019},
  volume={abs/1904.02874}
}

@inproceedings{Lipton2018PracticalOT,
  title={Practical Obstacles to Deploying Active Learning},
  author={Zachary Chase Lipton and Byron C. Wallace},
  booktitle={EMNLP/IJCNLP},
  year={2018}
}

@inproceedings{Lin2019AlpacaTagAA,
  title={AlpacaTag: An Active Learning-based Crowd Annotation Framework for Sequence Tagging},
  author={Bill Yuchen Lin and Dongho Lee and Frank F. Xu and Ouyu Lan and Xiang Ren},
  booktitle={ACL},
  year={2019}
}

@inproceedings{
shen2018deep,
title={Deep Active Learning for Named Entity Recognition},
author={Yanyao Shen and Hyokun Yun and Zachary C. Lipton and Yakov Kronrod and Animashree Anandkumar},
booktitle={International Conference on Learning Representations},
year={2018},
url={https://openreview.net/forum?id=ry018WZAZ},
}

@article{nadeau2007survey,
  title={A survey of named entity recognition and classification},
  author={Nadeau, David and Sekine, Satoshi},
  journal={Lingvisticae Investigationes},
  volume={30},
  number={1},
  pages={3--26},
  year={2007},
  publisher={John Benjamins}
}

@book{APA:83,
    author  = {{American Psychological Association}},
    title   = {Publications Manual},
    year    = "1983",
   publisher = {American Psychological Association},
   address = {Washington, DC}
}

@article{ACM:83,
	author = {Association for Computing Machinery},
	year = "1983",
	journal = {Computing Reviews},
	volume = "24",
	number = "11",
	pages = "503--512"
}

@article{Chandra:81,
	author = {Ashok K. Chandra and Dexter C. Kozen and Larry J. Stockmeyer},
	year = "1981",
	title = {Alternation},
	journal = {Journal of the Association for Computing Machinery},
	volume = "28",
	number = "1",
	pages = "114--133",
	doi = "10.1145/322234.322243",
}

@inproceedings{andrew2007scalable,
  title={Scalable training of {L1}-regularized log-linear models},
  author={Andrew, Galen and Gao, Jianfeng},
  booktitle={Proceedings of the 24th International Conference on Machine Learning},
  pages={33--40},
  year={2007},
}

@book{Gusfield:97,
    author  = {Dan Gusfield},
    title   = {Algorithms on Strings, Trees and Sequences},
    year    = "1997",
    publisher = {Cambridge University Press},
    address = {Cambridge, UK}
}

@inproceedings{borsch2011,
	Address = {Canberra, Australia},
	Author = {Benjamin Borschinger and Mark Johnson},
	Booktitle = {Proceedings of the Australasian Language Technology Association Workshop 2011},
	Month = {December},
	Pages = {10--18},
	Title = {A Particle Filter algorithm for {B}ayesian Wordsegmentation},
	Year = {2011}}

@article{rasooli-tetrault-2015,
    author    = {Mohammad Sadegh Rasooli and Joel R. Tetreault},
    title     = {Yara Parser: {A} Fast and Accurate Dependency Parser},
    journal   = {Computing Research Repository},
    volume    = {arXiv:1503.06733},
    year      = {2015},
    url       = {http://arxiv.org/abs/1503.06733},
    note    = {version 2}
}

@article{Ando2005,
	Acmid = {1194905},
	Author = {Ando, Rie Kubota and Zhang, Tong},
	Issn = {1532-4435},
	Issue_Date = {12/1/2005},
	Journal = {Journal of Machine Learning Research},
	Month = dec,
	Numpages = {37},
	Pages = {1817--1853},
	Publisher = {JMLR.org},
	Title = {A Framework for Learning Predictive Structures from Multiple Tasks and Unlabeled Data},
	Volume = {6},
	Year = {2005}}

@InProceedings{P16-1001,
  author =	"Goodman, James
  	 and Vlachos, Andreas
	     and Naradowsky, Jason",
  title =    "Noise reduction and targeted exploration in imitation learning for      Abstract Meaning Representation parsing    ",
  booktitle = 	    "Proceedings of the 54th Annual Meeting of the Association for      Computational Linguistics (Volume 1: Long Papers)    ",
  year =    "2016",
  publisher =	"Association for Computational Linguistics",
  pages =   "1--11",
  location =	"Berlin, Germany",
  doi =    "10.18653/v1/P16-1001",
  url =    "http://aclweb.org/anthology/P16-1001"
}

@InProceedings{C14-1001,
  author =	"Harper, Mary",
  title = 	"Learning from 26 Languages: Program Management and Science in the Babel Program",
  booktitle = 	"Proceedings of COLING 2014, the 25th International Conference on Computational Linguistics: Technical Papers",
  year =    "2014",
  publisher =	"Dublin City University and Association for Computational Linguistics",
  pages =   "1",
  location =	"Dublin, Ireland",
  url =    "http://aclweb.org/anthology/C14-1001"
}

@inproceedings{autoner,
	title={Learning named entity tagger using domain-specific dictionary},
	author={Shang, J. and Liu, L. and Ren, X. and Gu, X. and Ren, T. and Han, J.},
	booktitle={Proc. of EMNLP},
	year={2018}
}

@inproceedings{weaklabel,
	title={Weakly Supervised Cross-Lingual Named Entity Recognition via Effective Annotation and Representation Projection},
	author={Jian Ni and Georgiana Dinu, and Radu Florian},
	booktitle={Proc. of ACL},
	year={2017}
}
@inproceedings{yangner,
	title={Distantly Supervised NER with Partial Annotation Learning and Reinforcement Learning},
	author={Yang, Y. and Chen, W. and Li, Z. and He, Z. and Zhang, M.},
	booktitle={Proc. of ACL},
	year={2018}
}
@inproceedings{weakcrf,
	title={Low-Resource Name Tagging Learned with Weakly Labeled Data},
	author={Yixin Cao and Zikun Hu and Tat-Seng Chua and Zhiyuan Liu and Heng Ji},
	booktitle={Proc. of EMNLP},
	year={2019}
}
@inproceedings{opencorrection,
	title={Towards Open-Domain Named Entity Recognition via Neural Correction Models},
	author={Mengdi Zhu and Zheye Deng and Wenhan Xiong and Mo Yu and Ming Zhang and William Yang Wang},
	booktitle={arxiv},
	year={2019}
}
@inproceedings{incomplete,
	title={Better Modeling of Incomplete Annotations for Named Entity Recognition},
	author={Zhanming Jie1 and Pengjun Xie and Wei Lu and Ruixue Ding and Linlin Li},
	booktitle={Proc. of NAACL},
	year={2019}
}
@inproceedings{kalm,
	title={Knowledge-Augmented Language Model and Its Application to Unsupervised Named-Entity Recognition},
	author={Angli Liu and Jingfei Du and Veselin Stoyanov},
	booktitle={Proc. of NAACL},
	year={2019}
}
@inproceedings{embed,
	title={Named Entity Recognition Only from Word Embeddings},
	author={Ying Luo and Hai Zhao and Junlang zhan},	booktitle={arxiv},
	year={2019}
}

@inproceedings{conll,
	title={Introduction to the CoNLL-2003 shared task: Language-independent named entity recognition},
	author={Tjong Kim Sang, Erik F and De Meulder, Fien},
	booktitle={Proceedings of the seventh conference on Natural language learning at HLT-NAACL 2003-Volume 4}, 
	year={2003},
	organization={Association for Computational Linguistics}
}
@inproceedings{jnlpba,
	title={Bidirectional lstm for named entity recognition in twitter messages},
	author={Limsopatham, Nut and Collier, NH},
	booktitle={Proc. COLING 2016},
	year={2016}
}
@article{amazon,
	title={Cross-type biomedical named en- tity recognition with deep multi-task learning},
	author={Xuan Wang, Yu Zhang, Xiang Ren, Yuhao Zhang, Marinka Zitnik, Jingbo Shang, Curtis Langlotz, Jiawei Han},
	booktitle={arx},
	year={2018}
}


@article{bc5cdr,
	title={BioCreative V CDR task corpus: a resource for chemical disease relation extraction},
	author={Jiao Li and Yueping Sun and Robin J. Johnson and Daniela Sciaky and Chih-Hsuan Wei and Robert Leaman and Allan Peter Davis and Carolyn J. Mattingly and Thomas C. Wiegers and Zhiyong Lu},
	journal={Database : the journal of biological databases and curation},
	year={2016},
	volume={2016}
}

@inproceedings{bidaf,
	title={Bi-directional attention flow for machine comprehensions},
	author={Minjoon Seo and Aniruddha Kembhavi and Ali Farhadi1 and Hananneh Hajishirzi1},
	booktitle={Proc. of ICLR},
	year={2017}
}

@inproceedings{Zhou2019NEROAN,
  title={NERO: A Neural Rule Grounding Framework for Label-Efficient Relation Extraction},
  author={Wenxuan Zhou and Hongtao Lin and Bill Yuchen Lin and Ziqi Wang and Junyi Du and Leonardo Neves and Xiang Ren},
  booktitle={Proc. of World Wide Web Conference (WWW)},
  year={2020}
}

@inproceedings{selfattentive,
	title={A Structured Self-Attentive Sentence Embedding},
	author={Zhouhan Lin and Minwei Feng and Cicero Nogueira dos Santos andMo Yu and Bing Xiang and Bowen Zhou and Yoshua Bengio},
	booktitle={Proc. of ICLR},
	year={2017}
}

@inproceedings{characterembeddings,
    author = {Dos Santos, Cicero and Zadrozny, Bianca},
    year = {2014},
    month = {07},
    title = {Learning Character-level Representations for Part-of-Speech Tagging},
    volume = {5},
    journal = {31st International Conference on Machine Learning, ICML 2014}
}

@inproceedings{DBLP:conf/acl/MaH16,
	author    = {Xuezhe Ma and Eduard H. Hovy},
	title     = {End-to-end Sequence Labeling via Bi-directional LSTM-CNNs-CRF},
	booktitle = {Proc. of ACL},
	year      = {2016},
}

@article{Rosenberg2005SemiSupervisedSO,
  title={Semi-Supervised Self-Training of Object Detection Models},
  author={Chuck Rosenberg and Martial Hebert and Henry Schneiderman},
  journal={2005 Seventh IEEE Workshops on Applications of Computer Vision (WACV/MOTION'05) - Volume 1},
  year={2005},
  volume={1},
  pages={29-36}
}

@inproceedings{tarvainen2017mean,
  title={Mean teachers are better role models: Weight-averaged consistency targets improve semi-supervised deep learning results},
  author={Tarvainen, Antti and Valpola, Harri},
  booktitle={Advances in neural information processing systems},
  pages={1195--1204},
  year={2017}
}

@inproceedings{lee2013pseudo,
  title={Pseudo-label: The simple and efficient semi-supervised learning method for deep neural networks},
  author={Lee, Dong-Hyun},
  booktitle={Workshop on Challenges in Representation Learning, ICML},
  volume={3},
  pages={2},
  year={2013}
}

@inproceedings{pontiki2016semeval,
  title={Semeval-2016 task 5: Aspect based sentiment analysis},
  author={Pontiki, Maria and Galanis, Dimitris and Papageorgiou, Haris and Androutsopoulos, Ion and Manandhar, Suresh and Mohammad, AL-Smadi and Al-Ayyoub, Mahmoud and Zhao, Yanyan and Qin, Bing and De Clercq, Orph{\'e}e and others},
  booktitle={Proceedings of the 10th international workshop on semantic evaluation (SemEval-2016)},
  pages={19--30},
  year={2016}
}

@inproceedings{akbik-etal-2018-contextual,
    title = "Contextual String Embeddings for Sequence Labeling",
    author = "Akbik, Alan  and
      Blythe, Duncan  and
      Vollgraf, Roland",
    booktitle = "Proceedings of the 27th International Conference on Computational Linguistics",
    month = aug,
    year = "2018",
    address = "Santa Fe, New Mexico, USA",
    publisher = "Association for Computational Linguistics",
    url = "https://www.aclweb.org/anthology/C18-1139",
    pages = "1638--1649",
}

@inproceedings{
Wang2020Learning,
title={Learning from Explanations with Neural Execution Tree},
author={Ziqi Wang and Yujia Qin and Wenxuan Zhou and Jun Yan and Qinyuan Ye and Leonardo Neves and Zhiyuan Liu and Xiang Ren},
booktitle={International Conference on Learning Representations},
year={2020},
url={https://openreview.net/forum?id=rJlUt0EYwS}
}

@article{Hancock2018TrainingCW,
  title={Training Classifiers with Natural Language Explanations},
  author={Braden Hancock and Paroma Varma and Stephanie Wang and Martin Bringmann and Percy Liang and Christopher R{\'e}},
  journal={Proceedings of the conference. Association for Computational Linguistics. Meeting},
  year={2018},
  volume={2018},
  pages={
          1884-1895
        }
}

@article{liu2019gcdt,
  title={GCDT: A Global Context Enhanced Deep Transition Architecture for Sequence Labeling},
  author={Liu, Yijin and Meng, Fandong and Zhang, Jinchao and Xu, Jinan and Chen, Yufeng and Zhou, Jie},
  journal={arXiv preprint arXiv:1906.02437},
  year={2019}
}

@inproceedings{Pennington2014GloveGV,
  title={Glove: Global Vectors for Word Representation},
  author={Jeffrey Pennington and Richard Socher and Christopher D. Manning},
  booktitle={EMNLP},
  year={2014}
}

@inproceedings{Peters2017SemisupervisedST,
	title={Semi-supervised sequence tagging with bidirectional language models},
	author={Matthew E. Peters and Waleed Ammar and Chandra Bhagavatula and Russell Power},
	booktitle={Proc. of ACL},
	year={2017}
}

@misc{jiaadver,
    title={Adversarial Examples for Evaluating Reading Comprehension Systems},
    author={Robin Jia and Percy Liang},
    year={2017},
    eprint={1707.07328},
    archivePrefix={arXiv},
    primaryClass={cs.CL}
}

@inproceedings{paraphraseadver,
    title = "Adversarial Example Generation with Syntactically Controlled Paraphrase Networks",
    author = "Iyyer, Mohit  and
      Wieting, John  and
      Gimpel, Kevin  and
      Zettlemoyer, Luke",
    booktitle = "Proceedings of the 2018 Conference of the North {A}merican Chapter of the Association for Computational Linguistics: Human Language Technologies, Volume 1 (Long Papers)",
    month = jun,
    year = "2018",
    address = "New Orleans, Louisiana",
    publisher = "Association for Computational Linguistics",
    url = "https://www.aclweb.org/anthology/N18-1170",
    doi = "10.18653/v1/N18-1170",
    pages = "1875--1885",
}

@inproceedings{liu2017empower,
	title={Empower Sequence Labeling with Task-Aware Neural Language Model},
	author={Liyuan Liu and Jingbo Shang and Frank F. Xu and Xiang Ren and Huan Gui and Jian Peng and Jiawei Han},
	year={2018},
	booktitle={Proc. of AAAI}
} 
@inproceedings{DBLP:conf/naacl/LampleBSKD16,
	author    = {Guillaume Lample and Miguel Ballesteros and Sandeep Subramanian and Kazuya Kawakami and Chris Dyer},
	title     = {Neural Architectures for Named Entity Recognition},
	booktitle = {Proc. of NAACL-HLT},
	year      = {2016},
}
@inproceedings{hadsell2006dimensionality,
  title={Dimensionality reduction by learning an invariant mapping},
  author={Hadsell, Raia and Chopra, Sumit and LeCun, Yann},
  booktitle={2006 IEEE Computer Society Conference on Computer Vision and Pattern Recognition (CVPR'06)},
  volume={2},
  pages={1735--1742},
  year={2006},
  organization={IEEE}
}

@article{luong2015effective,
  title={Effective approaches to attention-based neural machine translation},
  author={Luong, Minh-Thang and Pham, Hieu and Manning, Christopher D},
  journal={arXiv preprint arXiv:1508.04025},
  year={2015}
}